<record><leader>00000cas a22000007a 4500</leader><controlfield tag="001">15338976</controlfield><controlfield tag="008">870318c19759999inuwr ne      0    0eng d</controlfield><datafield ind1=" " ind2=" " tag="010"><subfield code="a">sn 87055689 </subfield></datafield><datafield ind1=" " ind2=" " tag="040"><subfield code="a">NPI</subfield><subfield code="b">eng</subfield><subfield code="c">NPI</subfield><subfield code="d">OCLCQ</subfield></datafield><datafield ind1=" " ind2=" " tag="042"><subfield code="a">msc</subfield></datafield><datafield ind1="0" ind2="0" tag="245"><subfield code="a">KT ADdition.</subfield></datafield><datafield ind1=" " ind2=" " tag="260"><subfield code="a">Kokomo, Ind. :</subfield><subfield code="b">[Kokomo Tribune],</subfield><subfield code="c">1975-</subfield></datafield><datafield ind1=" " ind2=" " tag="310"><subfield code="a">Weekly</subfield></datafield><datafield ind1="0" ind2=" " tag="362"><subfield code="a">Vol. 1, no. 1 (Dec. 17, 1975)-</subfield></datafield><datafield ind1=" " ind2=" " tag="500"><subfield code="a">"Your personal shopping guide."</subfield></datafield><datafield ind1=" " ind2=" " tag="580"><subfield code="a">" ... a product of the Kokomo Tribune."</subfield></datafield><datafield ind1=" " ind2=" " tag="752"><subfield code="a">United States</subfield><subfield code="b">Indiana</subfield><subfield code="c">Howard</subfield><subfield code="d">Kokomo.</subfield></datafield><datafield ind1="1" ind2=" " tag="787"><subfield code="t">Kokomo tribune (Kokomo, Ind. : 1966 : Daily)</subfield><subfield code="w">(DLC)sn 82003376</subfield><subfield code="w">(OCoLC)8801387</subfield></datafield></record>